@misc{app_devoloper_magazine,
url={https://appdevelopermagazine.com/sensor-fusion-annotation-autonomous-vehicle-api-launches/},
journal={App Devoloper Magazine},
author={Richard Harris},
year={2018}
}
@misc{ieee,
author = {IEEE},
url={https://spectrum.ieee.org/transportation/advanced-cars/6-key-connectivity-requirements-of-autonomous-driving},
journal={IEEE Spectrum}
}

@misc{nvidia,
author = {NVIDIA},
url={https://developer.nvidia.com/drive},
journal={NVIDIA}
}

@misc{ai_trends,
url={https://www.aitrends.com/ai-insider/apis-and-ai-self-driving-cars/},
journal={AI Trends},
author={Eliot, Dr. Lance},
year={2018}
}

@techreport{dagstuhl_seminar,
author={Reiner, Anreas and Boll, Susanne and L. Kun, Andrew},
title={Automotive User Interfaces in teh Age of Automation},
institution={University of Applied Sciences Ingolstadt, University of Oldenburg, University of New Hampshire}
}

@misc{ieee_xplore,
author = {IEEE},
url={https://ieeexplore.ieee.org/document/8263547},
}

@misc{rfid_journal,
author = {IEEE},
url={https://www.rfidjournal.com/blogs/experts/entry?10642},
journal={RFID Journal},
year={2013}
}

@misc{1hack_a_day,
author = {Last, First and Last1, First1 and Last2},
url={https://hackaday.io/project/27998-electric-fence-graphical-monitor}
}

@misc{2hack_a_day,
author = {Last, First and Last1, First1 and Last2},
url={https://hackaday.com/2019/08/28/monitoring-an-electric-fence-with-lorawan/}
}

@misc{slide_share,
author = {Last, First and Last1, First1 and Last2},
url={https://www.slideshare.net/jayakody2000lk/electfence-19022011}
}

@misc{pmc,
author = {Last, First and Last1, First1 and Last2},
url={https://www.ncbi.nlm.nih.gov/pmc/articles/PMC6480636/}
}

@misc{api_sec,
author = {Last, First and Last1, First1 and Last2},
url={https://www.apigroupinc.com/services/security-surveillance},
journal={Security and Survalence Systems}
}

@misc{1ipvm,
author = {Last, First and Last1, First1 and Last2},
url={https://ipvm.com/reports/video-surveillance--access-control-integration},
journal={Video Surveillance / Access Control Integration Guide},
year={2012}
}

@misc{2ipvm,
author = {Last, First and Last1, First1 and Last2},
url={https://ipvm.com/reports/understanding-video-surveillance-apis},
journal={Understanding Video Surveillance APIs}
}

@misc{lorex,
author = {Last, First and Last1, First1 and Last2},
url={https://www.lorextechnology.com/?gclid=Cj0KCQjwuZDtBRDvARIsAPXFx3AfHN-jUFTx9PSw0bnGUrfXEFyR3-sG8mJ90B0MsRyCPt1ngX5G4rkaAsWSEALw_wcB}
}

@misc{honeywell,
author = {Last, First and Last1, First1 and Last2},
url={https://pages1.honeywell.com/30_Series_Dealer-Campaign.html?utm_source=google&utm_medium=search&utm_campaign=HCS-Global-30%20Series&utm_content=search}
}

@misc{eagle_eye,
author = {Last, First and Last1, First1 and Last2},
url={https://www.een.com/}
}
