@book{asme,
	author = {ASME},
	title  = "{Life Saftey Code Handbook}",
	publisher = "{ASME}",
	year = {2009}
}

@misc{trac,
	author    = {Commonwealth of Massachusetts},
	title     = "{Elevators 101}",
	howpublished   = {Public record},
	year      = {2016}
}

@misc{krupp,
	author = {Krupp, Thyssen},
	title = "{Freight elevators 2008 Planning Guide}",
	howpublished = {online publication},
	year = {2008}
}
